
@article{kingMakingMostStatistical2000,
	title = {Making the Most of Statistical Analyses: Improving Interpretation and Presentation},
	author = {King, Gary and Tomz, Michael and Wittenberg, Jason},
	year = {2000},
	date = {2000},
	journal = {American Journal of Political Science},
	pages = {347--361},
	volume = {44},
	number = {2},
	doi = {10.2307/2669316},
	note = {tex.ids= kingMakingMostStatistical2000a
publisher: [Midwest Political Science Association, Wiley]}
}

@article{zhouNoteBayesianInference2010,
	title = {A Note on Bayesian Inference After Multiple Imputation},
	author = {Zhou, Xiang and Reiter, Jerome P.},
	year = {2010},
	month = {05},
	date = {2010-05},
	journal = {The American Statistician},
	pages = {159--163},
	volume = {64},
	number = {2},
	doi = {10.1198/tast.2010.09109},
	langid = {en}
}

@article{tomzClarifySoftwareInterpreting2003,
	title = {Clarify: Software for Interpreting and Presenting Statistical Results},
	author = {Tomz, Michael and Wittenberg, Jason and King, Gary},
	year = {2003},
	month = {01},
	date = {2003-01-15},
	journal = {Journal of Statistical Software},
	pages = {1--30},
	volume = {8},
	doi = {10.18637/jss.v008.i01},
	langid = {en}
}

@article{imaiCommonFrameworkStatistical2008a,
	title = {Toward a Common Framework for Statistical Analysis and Development},
	author = {Imai, Kosuke and King, Gary and Lau, Olivia},
	year = {2008},
	month = {12},
	date = {2008-12-01},
	journal = {Journal of Computational and Graphical Statistics},
	pages = {892--913},
	volume = {17},
	number = {4},
	doi = {10.1198/106186008X384898}
}

@article{puhrFirthLogisticRegression2017,
	title = {Firth's logistic regression with rare events: accurate effect estimates and predictions?},
	author = {Puhr, Rainer and Heinze, Georg and Nold, Mariana and Lusa, Lara and Geroldinger, Angelika},
	year = {2017},
	month = {06},
	date = {2017-06-30},
	journal = {Statistics in Medicine},
	pages = {2302--2317},
	volume = {36},
	number = {14},
	doi = {10.1002/sim.7273},
	note = {Publisher: John Wiley & Sons, Ltd},
	langid = {en}
}

@article{kingLogisticRegressionRare2001,
	title = {Logistic Regression in Rare Events Data},
	author = {King, Gary and Zeng, Langche},
	year = {2001},
	date = {2001},
	journal = {Political Analysis},
	pages = {137--163},
	volume = {9},
	number = {2},
	doi = {10.1093/oxfordjournals.pan.a004868},
	langid = {en}
}

@article{raineyCarefulConsiderationCLARIFY2023,
  title = {A Careful Consideration of {{CLARIFY}}: Simulation-Induced Bias in Point Estimates of Quantities of Interest},
  shorttitle = {A Careful Consideration of {{CLARIFY}}},
  author = {Rainey, Carlisle},
  year = {2023},
  month = apr,
  journal = {Political Science Research and Methods},
  pages = {1--10},
  publisher = {{Cambridge University Press}},
  issn = {2049-8470, 2049-8489},
  doi = {10.1017/psrm.2023.8},
  urldate = {2023-05-03},
  langid = {english},
  keywords = {Maximum likelihood estimation (MLE)},
}


@article{rainey2017,
	title = {Transformation-Induced Bias: Unbiased Coefficients Do Not Imply Unbiased Quantities of Interest},
	author = {Rainey, Carlisle},
	year = {2017},
	month = {07},
	date = {2017-07},
	journal = {Political Analysis},
	pages = {402--409},
	volume = {25},
	number = {3},
	doi = {10.1017/pan.2017.11},
	langid = {en}
}

@article{JSSv042i08,
	title = {MatchIt: Nonparametric preprocessing for parametric causal inference},
	author = {Ho, Daniel E. and Imai, Kosuke and King, Gary and Stuart, Elizabeth A.},
	year = {2011},
	date = {2011},
	journal = {Journal of Statistical Software, Articles},
	pages = {1{\textendash}28},
	volume = {42},
	number = {8},
	doi = {10.18637/jss.v042.i08},
	note = {Citation Key: JSSv042i08
tex.ids= hoMatchItNonparametricPreprocessing2011}
}

@article{dehejiaCausalEffectsNonexperimental1999,
	title = {Causal Effects in Nonexperimental Studies: Reevaluating the Evaluation of Training Programs},
	author = {Dehejia, Rajeev H. and Wahba, Sadek},
	year = {1999},
	month = {12},
	date = {1999-12},
	journal = {Journal of the American Statistical Association},
	pages = {1053--1062},
	volume = {94},
	number = {448},
	doi = {10.1080/01621459.1999.10473858},
	langid = {en}
}

@article{greiferChoosingCausalEstimand2023,
	title = {Choosing the Causal Estimand for Propensity Score Analysis of Observational Studies},
	author = {Greifer, Noah and Stuart, Elizabeth A.},
	year = {2023},
	doi = {10.48550/arXiv.2106.10577}
}

@book{longRegressionModelsCategorical2014,
	title = {Regression models for categorical dependent variables using Stata},
	author = {Long, J. Scott and Freese, Jeremy},
	year = {2014},
	date = {2014},
	publisher = {Stata Press Publication, StataCorp LP},
	edition = {Third edition},
	note = {OCLC: ocn890178695},
	address = {College Station, Texas}
}
